@article{Storrie2010AProblem,
    title = {{A systematic review: Students with mental health problems-A growing problem}},
    year = {2010},
    journal = {International Journal of Nursing Practice},
    author = {Storrie, Kim and Ahern, Kathy and Tuckett, Anthony},
    number = {1},
    month = {2},
    pages = {1--6},
    volume = {16},
    doi = {10.1111/j.1440-172X.2009.01813.x},
    issn = {13227114}
}

@article{Martinengo2022EvaluationAnalysis,
    title = {{Evaluation of chatbot-delivered interventions for self-management of depression: Content analysis}},
    year = {2022},
    journal = {Journal of Affective Disorders},
    author = {Martinengo, Laura and Lum, Elaine and Car, Josip},
    month = {12},
    pages = {598--607},
    volume = {319},
    doi = {10.1016/j.jad.2022.09.028},
    issn = {01650327}
}

@article{Wang2022First-GenLens,
    title = {{First-Gen Lens}},
    year = {2022},
    journal = {Proceedings of the ACM on Interactive, Mobile, Wearable and Ubiquitous Technologies},
    author = {Wang, Weichen and Nepal, Subigya and Huckins, Jeremy F. and Hernandez, Lessley and Vojdanovski, Vlado and Mack, Dante and Plomp, Jane and Pillai, Arvind and Obuchi, Mikio and daSilva, Alex and Murphy, Eilis and Hedlund, Elin and Rogers, Courtney and Meyer, Meghan and Campbell, Andrew},
    number = {2},
    month = {7},
    pages = {1--32},
    volume = {6},
    doi = {10.1145/3543194},
    issn = {2474-9567}
}

@article{Blanco2008MentalPeers,
    title = {{Mental Health of College Students and Their Non–College-Attending Peers}},
    year = {2008},
    journal = {Archives of General Psychiatry},
    author = {Blanco, Carlos and Okuda, Mayumi and Wright, Crystal and Hasin, Deborah S. and Grant, Bridget F. and Liu, Shang-Min and Olfson, Mark},
    number = {12},
    month = {12},
    pages = {1429},
    volume = {65},
    doi = {10.1001/archpsyc.65.12.1429},
    issn = {0003-990X}
}

@article{Rosenthal2008MentalStudents,
    title = {{Mental Health Services: Use and Disparity Among Diverse College Students}},
    year = {2008},
    journal = {Journal of American College Health},
    author = {Rosenthal, Beth and Wilson, W. Cody},
    number = {1},
    month = {7},
    pages = {61--68},
    volume = {57},
    doi = {10.3200/JACH.57.1.61-68},
    issn = {0744-8481}
}

@misc{OfcomSmartphoneStatista,
    title = {{Smartphone ownership by age 2012-2022 | Statista}},
    author = {{Ofcom}},
    url = {https://www.statista.com/statistics/271851/smartphone-owners-in-the-united-kingdom-uk-by-age/}
}

@article{Bubeck2023SparksGPT-4,
    title = {{Sparks of Artificial General Intelligence: Early experiments with GPT-4}},
    year = {2023},
    author = {Bubeck, Sébastien and Chandrasekaran, Varun and Eldan, Ronen and Gehrke, Johannes and Horvitz, Eric and Kamar, Ece and Lee, Peter and Lee, Yin Tat and Li, Yuanzhi and Lundberg, Scott and Nori, Harsha and Palangi, Hamid and Ribeiro, Marco Tulio and Zhang, Yi},
    month = {3},
    url = {https://arxiv.org/abs/2303.12712v5},
    arxivId = {2303.12712}
}

@inproceedings{Wang2014StudentLife,
    title = {{StudentLife}},
    year = {2014},
    booktitle = {Proceedings of the 2014 ACM International Joint Conference on Pervasive and Ubiquitous Computing},
    author = {Wang, Rui and Chen, Fanglin and Chen, Zhenyu and Li, Tianxing and Harari, Gabriella and Tignor, Stefanie and Zhou, Xia and Ben-Zeev, Dror and Campbell, Andrew T.},
    month = {9},
    pages = {3--14},
    publisher = {ACM},
    address = {New York, NY, USA},
    isbn = {9781450329682},
    doi = {10.1145/2632048.2632054}
}

@article{MichaelN.Sharpe2004TheEducation,
    title = {{The Emergence of Psychiatric Disabilities in Postsecondary Education}},
    year = {2004},
    journal = {Examining Current Challenges in Secondary Education and Transition},
    author = {{Michael N. Sharpe} and {Brett D. Bruininks} and {Barbara A. Blacklock} and {Betty Benson} and {Donna M. Johnson}},
    number = {1},
    month = {9},
    volume = {3}
}

@article{Macaskill2013TheKingdom,
    title = {{The mental health of university students in the United Kingdom}},
    year = {2013},
    journal = {British Journal of Guidance {\&} Counselling},
    author = {Macaskill, Ann},
    number = {4},
    pages = {426--441},
    volume = {41},
    publisher = {Routledge},
    url = {https://doi.org/10.1080/03069885.2012.743110},
    doi = {10.1080/03069885.2012.743110}
}

@article{Singh2013ASecurity,
    title = {{A Study of Encryption Algorithms (RSA, DES, 3DES and AES) for Information Security}},
    year = {2013},
    journal = {International Journal of Computer Applications},
    author = {Singh, Gurpreet},
    number = {19},
    pages = {975--8887},
    volume = {67},
    keywords = {3DES, AES, DES, Encryption Keywords Encryption, General Terms Information Security, RSA}
}

@misc{ThereseFessendenAesthetic8,
    title = {{Aesthetic and Minimalist Design (Usability Heuristic {\#}8)}},
    author = {{Therese Fessenden}},
    url = {https://www.nngroup.com/articles/aesthetic-minimalist-design/}
}

@misc{GOV.UKApprovalGOV.UK,
    title = {{Approval standards and guidelines: lawful processing (UK GDPR) - GOV.UK}},
    author = {{GOV.UK}},
    url = {https://www.gov.uk/government/publications/accessing-ukhsa-protected-data/approval-standard-lawful-processing-uk-gdpr#}
}

@article{Meyer2022Article95,
    title = {{Article 95}},
    year = {2022},
    journal = {Proc. ACM Interact. Mob. Wearable Ubiquitous Technol},
    author = {Meyer, Meghan and Campbell, Andrew and Wang, Weichen and Nepal, Subigya and Huckins, Jeremy F and Hernandez, Lessley and Vojdanovski, Vlado and Mack, Dante and Plomp, Jane and Pillai, Arvind and Obuchi, Mikio and Dasilva, Alex and Murphy, Eilis and Hedlund, Elin and Rogers, Courtney and Campbell, Andrew 2022},
    number = {2},
    pages = {32},
    volume = {6},
    url = {https://doi.org/10.1145/3543194},
    isbn = {24749567/2022/6},
    doi = {10.1145/3543194},
    keywords = {Alex daSilva, Dartmouth College, Psychological and Brain Sciences, Hanover, NH, 03755, USA, Andrew Campbell, Dartmouth College, Computer Science, Hanover, NH, 03755, USA CCS Concepts: • Human-centered computing → Ubiquitous and mobile computing, Arvind Pillai, Dartmouth College, Computer Science, Hanover, NH, 03755, USA, Courtney Rogers, Dartmouth College, Psychological and Brain Sciences, Hanover, NH, 03755, USA, Dante Mack, Dartmouth College, Psychological and Brain Sciences, Hanover, NH, 03755, USA, Eilis Murphy, Dartmouth College, Psychological and Brain Sciences, Hanover, NH, 03755, USA, Elin Hedlund, Dartmouth College, Psychological and Brain Sciences, Hanover, NH, 03755, USA, Jane Plomp, Dartmouth College, Psychological and Brain Sciences, Hanover, NH, 03755, USA, Jeremy F Huckins, Dartmouth College, Psychological and Brain Sciences, Hanover, NH, 03755, USA, Lessley Hernandez, Dartmouth College, Computer Science, Hanover, NH, 03755, USA, Meghan Meyer, Dartmouth College, Psychological and Brain Sciences, Hanover, NH, 03755, USA, Mikio Obuchi, Dartmouth College, Computer Science, Hanover, NH, 03755, USA, Subigya Nepal, Dartmouth College, Computer Science, Hanover, NH, 03755, USA, Vlado Vojdanovski, Dartmouth College, Computer Science, Hanover, NH, 03755, USA, generation, representing 15{\%} of Authors' addresses: Weichen Wang, Dartmouth College, Computer Science, Hanover, NH, 03755, USA, weichenwanggr@dartmouthedu, • Applied computing → Health informatics Additional Key Words and Phrases: mobile sensing, mental health, first-generation students, first year ACM Reference Format:}
}

@article{Pham2022ArtificialPsychiatry,
    title = {{Artificial Intelligence and Chatbots in Psychiatry}},
    year = {2022},
    journal = {Psychiatric Quarterly},
    author = {Pham, Kay T. and Nabizadeh, Amir and Selek, Salih},
    number = {1},
    month = {3},
    pages = {249--253},
    volume = {93},
    publisher = {Springer},
    url = {https://link.springer.com/article/10.1007/s11126-022-09973-8},
    doi = {10.1007/S11126-022-09973-8/METRICS},
    issn = {15736709},
    pmid = {35212940},
    keywords = {Artificial intelligence, Chatbot, Digital psychiatry, Digital therapy, Therapy bots}
}

@article{Manning2009BridgingSchools,
    title = {{Bridging the Gap From Availability to Accessibility: Providing Health and Mental Health Services in Schools}},
    year = {2009},
    journal = {Journal of Evidence-Based Social Work},
    author = {Manning, Amy R.},
    number = {1},
    month = {2},
    pages = {40--57},
    volume = {6},
    doi = {10.1080/15433710802633411},
    issn = {1543-3714}
}

@article{Grove2021Co-developingPeople,
    title = {{Co-developing a Mental Health and Wellbeing Chatbot With and for Young People}},
    year = {2021},
    journal = {Frontiers in Psychiatry},
    author = {Grov{\'{e}}, Christine},
    month = {2},
    pages = {1664},
    volume = {11},
    publisher = {Frontiers Media S.A.},
    doi = {10.3389/FPSYT.2020.606041/BIBTEX},
    issn = {16640640},
    keywords = {artificial intelligence, chatbot, digital intervention, mental health, youth}
}

@article{Ayobi2021DesigningMinorities,
    title = {{Designing Visual Cards for Digital Mental Health Research with Ethnic Minorities}},
    year = {2021},
    journal = {DIS 2021 - Proceedings of the 2021 ACM Designing Interactive Systems Conference: Nowhere and Everywhere},
    author = {Ayobi, Amid and Grimes, Annali and MacKinnon, Sue and Soubutts, Ewan and Eardley, Rachel and Banks Gross, Zoe and Gooberman-Hill, Rachael and O'Kane, Aisling Ann},
    month = {6},
    pages = {942--954},
    publisher = {Association for Computing Machinery, Inc},
    url = {https://dl.acm.org/doi/10.1145/3461778.3462085},
    isbn = {9781450384766},
    doi = {10.1145/3461778.3462085},
    keywords = {BAME, Mental health, cultural competence, cultural sensitivity, diversity, ethnic minority}
}

@misc{LinklatersDoesLinklaters,
    title = {{Does anyone read privacy notices? The facts | DigiLinks | Linklaters}},
    author = {{Linklaters}},
    url = {https://www.linklaters.com/en/insights/blogs/digilinks/does-anyone-read-privacy-notices-the-facts}
}

@article{Biddle2004FactorsSurvey.,
    title = {{Factors influencing help seeking in mentally distressed young adults: a cross-sectional survey.}},
    year = {2004},
    journal = {The British Journal of General Practice},
    author = {Biddle, L and Gunnell, D and Sharp, D and Donovan, J L and Biddle, Lucy and Gunnell, David and Sharp, Debbie and Donovan, Jenny L},
    number = {501},
    month = {4},
    pages = {248},
    volume = {54},
    publisher = {Royal College of General Practitioners},
    url = {/pmc/articles/PMC1314848/?report=abstract https://www.ncbi.nlm.nih.gov/pmc/articles/PMC1314848/},
    issn = {09601643},
    pmid = {15113490},
    keywords = {Health behaviour, Mental disorder, Patient acceptance of health care, Suicide}
}

@misc{Design-CouncilFrameworkCouncil,
    title = {{Framework for Innovation: Design Council's evolved Double Diamond - Design Council}},
    author = {{Design-Council}},
    url = {https://www.designcouncil.org.uk/our-work/skills-learning/tools-frameworks/framework-for-innovation-design-councils-evolved-double-diamond/}
}

@misc{GOV.UKGettingGOV.UK,
    title = {{Getting informed consent for user research - Service Manual - GOV.UK}},
    author = {{GOV.UK}},
    url = {https://www.gov.uk/service-manual/user-research/getting-users-consent-for-research}
}

@article{Cairns2019GoalAnalysis,
    title = {{Goal setting improves retention in youth mental health: a cross-sectional analysis}},
    year = {2019},
    journal = {Child and Adolescent Psychiatry and Mental Health},
    author = {Cairns, Alice J. and Kavanagh, David J. and Dark, Frances and McPhail, Steven M.},
    number = {1},
    month = {12},
    pages = {31},
    volume = {13},
    doi = {10.1186/s13034-019-0288-x},
    issn = {1753-2000}
}

@misc{DanNessler2018HowCollective,
    title = {{How to apply a design thinking, HCD, UX or any creative process from scratch — Revised {\&} New Version | by Dan Nessler | UX Collective}},
    year = {2018},
    author = {{Dan Nessler}},
    url = {https://uxdesign.cc/how-to-solve-problems-applying-a-uxdesign-designthinking-hcd-or-any-design-process-from-scratch-v2-aa16e2dd550b}
}

@article{Salaheddin2016IdentifyingSurvey,
    title = {{Identifying barriers to mental health help-seeking among young adults in the UK: a cross-sectional survey}},
    year = {2016},
    journal = {British Journal of General Practice},
    author = {Salaheddin, Keziban and Mason, Barbara},
    number = {651},
    month = {10},
    pages = {e686-e692},
    volume = {66},
    doi = {10.3399/bjgp16X687313},
    issn = {0960-1643}
}

@article{Horton2016MassInteraction,
    title = {{Mass Communication and Para-Social Interaction}},
    year = {2016},
    journal = {http://dx.doi.org/10.1080/00332747.1956.11023049},
    author = {Horton, Donald and Wohl, R. Richard},
    number = {3},
    month = {8},
    pages = {215--229},
    volume = {19},
    publisher = {Routledge},
    url = {https://www.tandfonline.com/doi/abs/10.1080/00332747.1956.11023049},
    doi = {10.1080/00332747.1956.11023049},
    issn = {0033-2747}
}

@article{Brandtzaeg2022MyFriendship,
    title = {{My AI Friend: How Users of a Social Chatbot Understand Their Human–AI Friendship}},
    year = {2022},
    journal = {Human Communication Research},
    author = {Brandtzaeg, Petter Bae and Skjuve, Marita and F{\o}lstad, Asbjørn},
    number = {3},
    month = {6},
    pages = {404--429},
    volume = {48},
    doi = {10.1093/hcr/hqac008},
    issn = {0360-3989}
}

@misc{NCSNCSPolicy,
    title = {{NCS | Safeguarding Policy}},
    author = {{NCS}},
    url = {https://nationalcounsellingsociety.org/about-us/code-of-ethics/safeguarding-policy#law}
}

@book{RichardH.Thaler2008Nudge:Happiness,
    title = {{Nudge: Improving decisions about health, wealth and happiness}},
    year = {2008},
    author = {{Richard H. Thaler} and {Cass R. Sunstein}},
    edition = {2},
    publisher = {Penguin Books},
    address = {London}
}

@article{Iwaya2023OnDevelopment,
    title = {{On the privacy of mental health apps: An empirical investigation and its implications for app development}},
    year = {2023},
    journal = {Empirical Software Engineering},
    author = {Iwaya, Leonardo Horn and Babar, M. Ali and Rashid, Awais and Wijayarathna, Chamila},
    number = {1},
    month = {2},
    volume = {28},
    publisher = {Nature Publishing Group},
    url = {/pmc/articles/PMC9643945/ /pmc/articles/PMC9643945/?report=abstract https://www.ncbi.nlm.nih.gov/pmc/articles/PMC9643945/},
    doi = {10.1007/S10664-022-10236-0},
    issn = {15737616},
    pmid = {36407814},
    arxivId = {2201.09006},
    keywords = {Android, Empirical study, Mental health apps, Mobile health, Privacy, Privacy by design, Security}
}

@misc{MozillaOurIncluded,
    title = {{Our methodology | *privacy not included}},
    author = {{Mozilla}},
    url = {https://foundation.mozilla.org/en/privacynotincluded/about/methodology/#how-can-you-control-your-data}
}

@article{Wang2017PredictingSensing,
    title = {{Predicting Symptom Trajectories of Schizophrenia using Mobile Sensing}},
    year = {2017},
    journal = {Proceedings of the ACM on Interactive, Mobile, Wearable and Ubiquitous Technologies},
    author = {Wang, Rui and Wang, Weichen and Aung, Min S. H. and Ben-Zeev, Dror and Brian, Rachel and Campbell, Andrew T. and Choudhury, Tanzeem and Hauser, Marta and Kane, John and Scherer, Emily A. and Walsh, Megan},
    number = {3},
    month = {9},
    pages = {1--24},
    volume = {1},
    publisher = {{\\\}		ACM{\\\}		PUB27{\\\}		New York, NY, USA{\\\}	},
    url = {https://dl.acm.org/doi/10.1145/3130976},
    doi = {10.1145/3130976},
    keywords = {BPRS, Mental Health, Mobile Sensing, Schizophrenia}
}

@article{Palinkas2014QualitativeResearch,
    title = {{Qualitative and Mixed Methods in Mental Health Services and Implementation Research}},
    year = {2014},
    journal = {https://doi.org/10.1080/15374416.2014.910791},
    author = {Palinkas, Lawrence A.},
    number = {6},
    month = {11},
    pages = {851--861},
    volume = {43},
    publisher = { Taylor {\&} Francis Group },
    url = {https://www.tandfonline.com/doi/abs/10.1080/15374416.2014.910791},
    doi = {10.1080/15374416.2014.910791},
    issn = {15374416},
    pmid = {25350675}
}

@article{Wang2018SensingTraits,
    title = {{Sensing Behavioral Change over Time: Using Within-Person Variability Features from Mobile Sensing to Predict Personality Traits}},
    year = {2018},
    journal = {Proc. ACM Interact. Mob. Wearable Ubiquitous Technol},
    author = {Wang, Weichen and Harari, Gabriella M and Wang, Rui and M{\"{u}}ller, Sandrine R and Mirjafari, Shayan and Masaba, Kizito and Campbell, Andrew T},
    number = {141},
    pages = {141},
    volume = {2},
    url = {https://doi.org/10.1145/3264951},
    isbn = {24749567/2018/9},
    doi = {10.1145/3264951},
    keywords = {Mobile Sensing, Personality Traits, Within-Person Variability}
}

@article{Wang2015SmartGPA:Students,
    title = {{SmartGPA: How smartphones can assess and predict academic performance of college students}},
    year = {2015},
    journal = {UbiComp 2015 - Proceedings of the 2015 ACM International Joint Conference on Pervasive and Ubiquitous Computing},
    author = {Wang, Rui and Harari, Gabriella and Hao, Peilin and Zhou, Xia and Campbell, Andrew T.},
    month = {9},
    pages = {295--306},
    publisher = {Association for Computing Machinery, Inc},
    url = {https://dl.acm.org/doi/10.1145/2750858.2804251},
    isbn = {9781450335744},
    doi = {10.1145/2750858.2804251},
    keywords = {Academic performance, Behavioral trends, Data analysis, Smartphone sensing}
}

@article{Pandya2021SocialEvidence,
    title = {{Social Connectedness, Excessive Screen Time During COVID-19 and Mental Health: A Review of Current Evidence}},
    year = {2021},
    journal = {Frontiers in Human Dynamics},
    author = {Pandya, Apurvakumar and Lodha, Pragya},
    month = {7},
    pages = {45},
    volume = {3},
    publisher = {Frontiers},
    doi = {10.3389/FHUMD.2021.684137},
    issn = {2673-2726},
    keywords = {COVID-19, Digital habits, Digital health promotion, Positive mental health, screen time, social connection}
}

@article{Wang2020SocialSensing,
    title = {{Social Sensing: Assessing Social Functioning of Patients Living with Schizophrenia using Mobile Phone Sensing}},
    year = {2020},
    journal = {Conference on Human Factors in Computing Systems - Proceedings},
    author = {Wang, Weichen and Mirjafari, Shayan and Harari, Gabriella and Ben-Zeev, Dror and Brian, Rachel and Choudhury, Tanzeem and Hauser, Marta and Kane, John and Masaba, Kizito and Nepal, Subigya and Sano, Akane and Scherer, Emily and Tseng, Vincent and Wang, Rui and Wen, Hongyi and Wu, Jialing and Campbell, Andrew},
    month = {4},
    publisher = {Association for Computing Machinery},
    url = {https://dl.acm.org/doi/10.1145/3313831.3376855},
    isbn = {9781450367080},
    doi = {10.1145/3313831.3376855},
    keywords = {health, mobile sensing, social functioning, social sensing}
}

@misc{GOV.UKTerrorism2000,
    title = {{Terrorism Act 2000}},
    author = {{GOV.UK}},
    url = {https://www.legislation.gov.uk/ukpga/2000/11/contents}
}

@article{Macaskill2013TheKingdomb,
    title = {{The mental health of university students in the United Kingdom}},
    year = {2013},
    journal = {http://dx.doi.org/10.1080/03069885.2012.743110},
    author = {Macaskill, Ann},
    number = {4},
    month = {8},
    pages = {426--441},
    volume = {41},
    publisher = { Taylor {\&} Francis Group },
    url = {https://www.tandfonline.com/doi/abs/10.1080/03069885.2012.743110},
    doi = {10.1080/03069885.2012.743110},
    issn = {03069885},
    keywords = {counselling services, mental health, psychiatric caseness, student mental health crisis, university students}
}

@misc{NielsonNormanTheUX,
    title = {{The Wizard of Oz Method in UX}},
    author = {{Nielson Norman}},
    url = {https://www.nngroup.com/articles/wizard-of-oz/}
}

@article{Levinger1980TowardRelationships,
    title = {{Toward the analysis of close relationships}},
    year = {1980},
    journal = {Journal of Experimental Social Psychology},
    author = {Levinger, George},
    number = {6},
    month = {11},
    pages = {510--544},
    volume = {16},
    publisher = {Academic Press},
    doi = {10.1016/0022-1031(80)90056-6},
    issn = {0022-1031}
}

@article{Wang2018TrackingSensing,
    title = {{Tracking Depression Dynamics in College Students Using Mobile Phone and Wearable Sensing}},
    year = {2018},
    journal = {Proceedings of the ACM on Interactive, Mobile, Wearable and Ubiquitous Technologies},
    author = {Wang, Rui and Wang, Weichen and daSilva, Alex and Huckins, Jeremy F. and Kelley, William M. and Heatherton, Todd F. and Campbell, Andrew T.},
    number = {1},
    month = {3},
    pages = {1--26},
    volume = {2},
    publisher = {{\\\}		ACM{\\\}		PUB27{\\\}		New York, NY, USA{\\\}	},
    url = {https://dl.acm.org/doi/10.1145/3191775},
    doi = {10.1145/3191775},
    keywords = {Depression, Mental Health, Mobile Sensing}
}

@misc{BBC-NewsWhatsApp:News,
    title = {{WhatsApp: Rather be blocked in UK than weaken security - BBC News}},
    author = {{BBC-News}},
    url = {https://www.bbc.co.uk/news/technology-64863448}
}

@article{Brandtzaeg2021WhenChatbots,
    title = {{When the social becomes non-human: Young people's perception of social support in chatbots}},
    year = {2021},
    journal = {Conference on Human Factors in Computing Systems - Proceedings},
    author = {Brandtzaeg, Petter Bae and Skjuve, Marita and Dysthe, Kim Kristofer and Folstad, Asbjorn},
    month = {5},
    publisher = {Association for Computing Machinery},
    url = {https://dl.acm.org/doi/10.1145/3411764.3445318},
    isbn = {9781450380966},
    doi = {10.1145/3411764.3445318},
    keywords = {Artifcial intelligence, Chatbots, Social support, Young people}
}

@misc{TimeWhyTime,
    title = {{Why People Are Confessing Their Love For AI Chatbots | Time}},
    author = {{Time}},
    url = {https://time.com/6257790/ai-chatbots-love/}
}

@article{Plaistow2014YoungServices,
    title = {{Young people's views of UK mental health services}},
    year = {2014},
    journal = {Early Intervention in Psychiatry},
    author = {Plaistow, James and Masson, Kim and Koch, Damaris and Wilson, Jon and Stark, Rosemary M. and Jones, Peter B. and Lennox, Belinda R.},
    number = {1},
    month = {2},
    pages = {12--23},
    volume = {8},
    doi = {10.1111/eip.12060},
    issn = {17517885}
}